@article{pacione1989access,
  title={Access to urban servicesâ€”the case of secondary schools in Glasgow},
  author={Pacione, Michael},
  journal={The Scottish Geographical Magazine},
  volume={105},
  number={1},
  pages={12--18},
  year={1989},
  publisher={Taylor \& Francis}
}
@article{ewing2004school,
  title={School location and student travel analysis of factors affecting mode choice},
  author={Ewing, Reid and Schroeer, William and Greene, William},
  journal={Transportation Research Record: Journal of the Transportation Research Board},
  number={1895},
  pages={55--63},
  year={2004},
  publisher={Transportation Research Board of the National Academies}
}
@article{haurin1996school,
  title={School quality and real house prices: Inter-and intrametropolitan effects},
  author={Haurin, Donald R and Brasington, David},
  journal={Journal of Housing economics},
  volume={5},
  number={4},
  pages={351--368},
  year={1996},
  publisher={Elsevier}
}
@article{allen1993accesibility,
  title={Accesibility measures of US metropolitan areas},
  author={Allen, W Bruce and Liu, Dong and Singer, Scott},
  journal={Transportation Research Part B: Methodological},
  volume={27},
  number={6},
  pages={439--449},
  year={1993},
  publisher={Elsevier}
}
@article{ingram1971concept,
  title={The concept of accessibility: a search for an operational form},
  author={Ingram, David R},
  journal={Regional studies},
  volume={5},
  number={2},
  pages={101--107},
  year={1971},
  publisher={Taylor \& Francis}
}
@article{buliung2012guest,
  title={Guest editorial: special section on child and youth mobility--current research and nascent themes},
  author={Buliung, Ron and Sultana, Selima and Faulkner, Guy},
  journal={Journal of Transport Geography},
  volume={20},
  number={1},
  pages={31--33},
  year={2012},
  publisher={Pergamon}
}

@article{de2015changes,
  title={Changes in travel to school patterns among children and adolescents in the S{\~a}o Paulo Metropolitan Area, Brazil, 1997--2007},
  author={de S{\'a}, Thiago H{\'e}rick and Garcia, Leandro Martin Totaro and Mielke, Gr{\'e}gore Iven and Rabacow, Fabiana Maluf and de Rezende, Leandro F{\'o}rnias Machado},
  journal={Journal of Transport \& Health},
  volume={2},
  number={2},
  pages={143--150},
  year={2015},
  publisher={Elsevier}
}


